<record><leader>00000cas a22000007a 4500</leader><controlfield tag="001">20772523</controlfield><controlfield tag="008">891212d19041986nhudn ne      0    0eng d</controlfield><datafield ind1=" " ind2=" " tag="010"><subfield code="a">sn 90062405 </subfield></datafield><datafield ind1=" " ind2=" " tag="040"><subfield code="a">YSC</subfield><subfield code="b">eng</subfield><subfield code="c">YSC</subfield><subfield code="d">NVH</subfield><subfield code="d">OCLCQ</subfield></datafield><datafield ind1=" " ind2=" " tag="042"><subfield code="a">msc</subfield></datafield><datafield ind1="0" ind2=" " tag="130"><subfield code="a">Nashua telegraph (Nashua, N.H. : Daily)</subfield></datafield><datafield ind1="1" ind2="0" tag="245"><subfield code="a">Nashua telegraph.</subfield></datafield><datafield ind1="3" ind2="0" tag="246"><subfield code="a">Sunday telegraph</subfield></datafield><datafield ind1=" " ind2=" " tag="260"><subfield code="a">Nashua, N.H. :</subfield><subfield code="b">Telegraph Pub.</subfield></datafield><datafield ind1=" " ind2=" " tag="300"><subfield code="a">v.</subfield></datafield><datafield ind1=" " ind2=" " tag="310"><subfield code="a">Daily (except holidays),</subfield><subfield code="b">Apr. 6-Oct. 17, 1986</subfield></datafield><datafield ind1=" " ind2=" " tag="321"><subfield code="a">Daily (except Sun. and holidays),</subfield><subfield code="b">Feb. 20, 1904-Apr. 5, 1986</subfield></datafield><datafield ind1="0" ind2=" " tag="362"><subfield code="a">Vol. 36, no. 300 (Feb. 20, 1904)-v. 118, no. 169 (Oct. 17, 1986).</subfield></datafield><datafield ind1=" " ind2=" " tag="500"><subfield code="a">On Sundays published as: The Sunday telegraph, Apr. 6-Oct. 12, 1986.</subfield></datafield><datafield ind1=" " ind2=" " tag="580"><subfield code="a">Weekly eds.: Nashua weekly telegraph, 1904-1911, and: Nashua telegraph (Nashua, N.H. : weekly), 1911-1918.</subfield></datafield><datafield ind1=" " ind2=" " tag="752"><subfield code="a">United States</subfield><subfield code="b">New Hampshire</subfield><subfield code="c">Hillsborough</subfield><subfield code="d">Nashua.</subfield></datafield><datafield ind1="1" ind2=" " tag="775"><subfield code="t">Nashua weekly telegraph</subfield><subfield code="w">(DLC)sn 84037922</subfield></datafield><datafield ind1="1" ind2=" " tag="775"><subfield code="t">Nashua telegraph (Nashua, N.H. : weekly)</subfield><subfield code="w">(DLC)sn 90062602</subfield></datafield><datafield ind1="0" ind2="0" tag="780"><subfield code="t">Nashua daily telegraph</subfield><subfield code="w">(DLC)sn 84020621</subfield></datafield><datafield ind1="0" ind2="5" tag="780"><subfield code="t">Nashua daily press</subfield><subfield code="w">(DLC)sn 90062350</subfield></datafield><datafield ind1="0" ind2="0" tag="785"><subfield code="t">Telegraph (Nashua, N.H.)</subfield><subfield code="w">(DLC)sn 90062406</subfield></datafield></record>